@online{HTMLIT:1,
author = {HTML.it},
title = {Come sviluppare app Android, ibrido o nativo?},
year = {2016},
url = {http://www.html.it/pag/48523/alternative-allo-sviluppo-nativo/}
}
